<?xml version="1.0" encoding="UTF-8"?><record xmlns="http://www.loc.gov/MARC21/slim" xmlns:cinclude="http://apache.org/cocoon/include/1.0" xmlns:zs="http://www.loc.gov/zing/srw/">
  <leader>00750cz  a2200145n  4500</leader>
  <controlfield tag="001">n 2001002397</controlfield>
  <controlfield tag="003">DLC</controlfield>
  <controlfield tag="005">20120814080918.0</controlfield>
  <controlfield tag="008">010822n| acannaabn          |a ana      </controlfield>
  <datafield tag="010" ind1=" " ind2=" ">
    <subfield code="a">n 2001002397</subfield>
  </datafield>
  <datafield tag="040" ind1=" " ind2=" ">
    <subfield code="a">DLC</subfield>
    <subfield code="b">eng</subfield>
    <subfield code="c">DLC</subfield>
    <subfield code="d">DLC</subfield>
  </datafield>
  <datafield tag="111" ind1="2" ind2=" ">
    <subfield code="a">TPHOLs 2001</subfield>
    <subfield code="d">(2001 :</subfield>
    <subfield code="c">Edinburgh, Scotland)</subfield>
  </datafield>
  <datafield tag="411" ind1="2" ind2=" ">
    <subfield code="a">International Conference on Theorem Proving in Higher Order Logics</subfield>
    <subfield code="n">(14th :</subfield>
    <subfield code="d">2001 :</subfield>
    <subfield code="c">Edinburgh, Scotland)</subfield>
  </datafield>
  <datafield tag="667" ind1=" " ind2=" ">
    <subfield code="a">THIS 1XX FIELD CANNOT BE USED UNDER RDA UNTIL THIS RECORD HAS BEEN REVIEWED AND/OR UPDATED</subfield>
  </datafield>
  <datafield tag="670" ind1=" " ind2=" ">
    <subfield code="a">TPHOLs 2001 (2001 : Edinburgh, Scotland). Theorem proving in higher order logics, 2001:</subfield>
    <subfield code="b">CIP t.p. (TPHOLs 2001, Edinbugh, Scotland, September 3-6, 2001) pref. (14th International Conference on Theorem Proving in Higher Order Logics)</subfield>
  </datafield>
</record>